% Encoding: UTF-8

@Article{Beckert2017,
  author    = {Matthias Beckert and Rolf Ernst},
  title     = {Response Time Analysis for Sporadic Server Based Budget Scheduling in Real Time Virtualization Environments},
  journal   = {{ACM} Trans. Embedded Comput. Syst.},
  year      = {2017},
  volume    = {16},
  number    = {5},
  pages     = {161:1--161:19},
  bibsource = {dblp computer science bibliography, https://dblp.org},
  biburl    = {https://dblp.org/rec/bib/journals/tecs/BeckertE17},
  doi       = {10.1145/3126559},
}

@Article{Graham1969,
  author   = {Graham, R. L.},
  title    = {Bounds on multiprocessing timing anomalies},
  journal  = {SIAM Journal on Applied Mathematics},
  year     = {1969},
  volume   = {17},
  pages    = {416--429},
  issn     = {0036-1399},
  doi      = {10.1137/0117039},
  keywords = {94.40 (68.00)},
  mrnumber = {0249214},
}

@Misc{openmp,
  author       = {Openmp [online]},
  title        = {Openmp application program interface version 4.5},
  howpublished = {https://www.openmp.org/},
}

@Article{Jaffe1980,
  author   = {Jaffe, Jeffrey M.},
  title    = {Bounds on the scheduling of typed task systems},
  journal  = {SIAM Journal on Computing},
  year     = {1980},
  volume   = {9},
  number   = {3},
  pages    = {541--551},
  issn     = {0097-5397},
  doi      = {10.1137/0209040},
  keywords = {68C15 (90B35)},
  mrnumber = {584510},
}

@InProceedings{Cordeiro2010,
  author    = {Daniel Cordeiro and Gr{\'{e}}gory Mouni{\'{e}} and Swann Perarnau and Denis Trystram and Jean{-}Marc Vincent and Fr{\'{e}}d{\'{e}}ric Wagner},
  title     = {Random graph generation for scheduling simulations},
  booktitle = {3rd International Conference on Simulation Tools and Techniques, SIMUTools '10, Malaga, Spain - March 16 - 18, 2010},
  year      = {2010},
  editor    = {L. Felipe Perrone and Giovanni Stea and Jason Liu and Adelinde M. Uhrmacher and Manuel Vill{\'{e}}n{-}Altamirano},
  pages     = {60},
  publisher = {{ICST/ACM}},
  bibsource = {dblp computer science bibliography, https://dblp.org},
  biburl    = {https://dblp.org/rec/bib/conf/simutools/CordeiroMPTVW10},
  doi       = {10.4108/ICST.SIMUTOOLS2010.8667},
}

@Article{Bini2005,
  author    = {Enrico Bini and Giorgio C. Buttazzo},
  title     = {Measuring the Performance of Schedulability Tests},
  journal   = {Real-Time Systems},
  year      = {2005},
  volume    = {30},
  number    = {1-2},
  pages     = {129--154},
  bibsource = {dblp computer science bibliography, https://dblp.org},
  biburl    = {https://dblp.org/rec/bib/journals/rts/BiniB05},
  doi       = {10.1007/s11241-005-0507-9},
}

@Article{Han1998,
  author    = {Jiye Han and Jianjun Wen and Guochuan Zhang},
  title     = {A new approximation algorithm for UET-Scheduling with chain-type precedence constraints},
  journal   = {Computers {\&} {OR}},
  year      = {1998},
  volume    = {25},
  number    = {9},
  pages     = {767--771},
  bibsource = {dblp computer science bibliography, https://dblp.org},
  biburl    = {https://dblp.org/rec/bib/journals/cor/JiyeJG98},
  doi       = {10.1016/S0305-0548(98)00022-7},
}

@Article{Jansen1995,
  author    = {Klaus Jansen and Gerhard J. Woeginger and Zhongliang Yu},
  title     = {UET-scheduling with chain-type precedence constraints},
  journal   = {Computers {\&} {OR}},
  year      = {1995},
  volume    = {22},
  number    = {9},
  pages     = {915--920},
  bibsource = {dblp computer science bibliography, https://dblp.org},
  biburl    = {https://dblp.org/rec/bib/journals/cor/JansenWY95},
  doi       = {10.1016/0305-0548(94)00084-L},
}

@Book{Garey1979,
  title     = {Computers and Intractability: {A} Guide to the Theory of NP-Completeness},
  publisher = {W. H. Freeman},
  year      = {1979},
  author    = {M. R. Garey and David S. Johnson},
  isbn      = {0-7167-1044-7},
  bibsource = {dblp computer science bibliography, https://dblp.org},
  biburl    = {https://dblp.org/rec/bib/books/fm/GareyJ79},
}

@Article{Diakite2012,
  author    = {S{\'{e}}kou Diakit{\'{e}} and Jean{-}Marc Nicod and Laurent Philippe and Lamiel Toch},
  title     = {Assessing new approaches to schedule a batch of identical intree-shaped workflows on a heterogeneous platform},
  journal   = {{IJPEDS}},
  year      = {2012},
  volume    = {27},
  number    = {1},
  pages     = {79--107},
  bibsource = {dblp computer science bibliography, https://dblp.org},
  biburl    = {https://dblp.org/rec/bib/journals/paapp/DiakiteNPT12},
  doi       = {10.1080/17445760.2011.590487},
}

@Article{Li2017,
  author    = {Shuguang Li},
  title     = {Parallel batch scheduling with inclusive processing set restrictions and non-identical capacities to minimize makespan},
  journal   = {European Journal of Operational Research},
  year      = {2017},
  volume    = {260},
  number    = {1},
  pages     = {12--20},
  bibsource = {dblp computer science bibliography, https://dblp.org},
  biburl    = {https://dblp.org/rec/bib/journals/eor/Li17},
  doi       = {10.1016/j.ejor.2016.11.044},
}

@Article{Glass2007,
  author = {Celia A. Glass and Hans Kellerer},
  title  = {Parallel machine scheduling with job assignment restrictions},
  year   = {2007},
  volume = {54},
  pages  = {250-257},
  issn   = {0894-069X},
  doi    = {10.1002/nav.20202},
}

@Article{Chou1992,
  author    = {Hong Chich Chou and Chung{-}Ping Chung},
  title     = {Upper Bound Analysis of Scheduling Arbitrary-Delay Instructions on Typed Pipelined Processors},
  journal   = {International Journal of High Speed Computing},
  year      = {1992},
  volume    = {4},
  number    = {4},
  pages     = {301--312},
  bibsource = {dblp computer science bibliography, https://dblp.org},
  biburl    = {https://dblp.org/rec/bib/journals/ijhsc/ChouC92},
  doi       = {10.1142/S0129053392000146},
}

@Article{Chou1993,
  author    = {Hong Chich Chou and Chung{-}Ping Chung},
  title     = {Modeling of Superscalar Instruction Scheduling and Analysis of a Heuristic Scheduling Algorithm},
  journal   = {{BIT}},
  year      = {1993},
  volume    = {33},
  number    = {3},
  pages     = {354--371},
  bibsource = {dblp computer science bibliography, https://dblp.org},
  biburl    = {https://dblp.org/rec/bib/journals/bit/ChouC93},
}

@Article{Benabid2010,
  author    = {Abir Benabid and Claire Hanen},
  title     = {Performance of Garey-Johnson algorithm for pipelined typed tasks systems},
  journal   = {{ITOR}},
  year      = {2010},
  volume    = {17},
  number    = {6},
  pages     = {797--808},
  bibsource = {dblp computer science bibliography, https://dblp.org},
  biburl    = {https://dblp.org/rec/bib/journals/itor/BenabidH10},
  doi       = {10.1111/j.1475-3995.2009.00758.x},
}

@Article{Garey1976,
  author    = {M. R. Garey and David S. Johnson},
  title     = {Scheduling Tasks with Nonuniform Deadlines on Two Processors},
  journal   = {J. {ACM}},
  year      = {1976},
  volume    = {23},
  number    = {3},
  pages     = {461--467},
  bibsource = {dblp computer science bibliography, https://dblp.org},
  biburl    = {https://dblp.org/rec/bib/journals/jacm/GareyJ76b},
  doi       = {10.1145/321958.321967},
}

@Article{Rowicki1977,
  author    = {Andrzej Rowicki},
  title     = {A Note on Optimal Preemptive Scheduling for Two-Processor Systems},
  journal   = {Inf. Process. Lett.},
  year      = {1977},
  volume    = {6},
  number    = {1},
  pages     = {25--28},
  bibsource = {dblp computer science bibliography, https://dblp.org},
  biburl    = {https://dblp.org/rec/bib/journals/ipl/Rowicki77},
  doi       = {10.1016/0020-0190(77)90008-4},
}

@Article{Rowicki1975,
  author    = {Andrzej Rowicki},
  title     = {A Note on Optimal Scheduling for Two-Processor Systems},
  journal   = {Inf. Process. Lett.},
  year      = {1975},
  volume    = {4},
  number    = {2},
  pages     = {27--30},
  bibsource = {dblp computer science bibliography, https://dblp.org},
  biburl    = {https://dblp.org/rec/bib/journals/ipl/Rowicki75},
  doi       = {10.1016/0020-0190(75)90008-3},
}

@Article{Jr.1972,
  author    = {Edward G. Coffman Jr. and Ronald L. Graham},
  title     = {Optimal Scheduling for Two-Processor Systems},
  journal   = {Acta Inf.},
  year      = {1972},
  volume    = {1},
  pages     = {200--213},
  bibsource = {dblp computer science bibliography, https://dblp.org},
  biburl    = {https://dblp.org/rec/bib/journals/acta/CoffmanG72},
  doi       = {10.1007/BF00288685},
}

@Article{Leung2008,
  author = {Joseph Y.-T. Leung and Chung-Lun Li},
  title  = {Scheduling with processing set restrictions: A survey},
  year   = {2008},
  volume = {116},
  pages  = {251-262},
  issn   = {0925-5273},
  doi    = {10.1016/j.ijpe.2008.09.003},
}

@Article{Leung2016,
  author = {Joseph Y.-T. Leung and Chung-Lun Li},
  title  = {Scheduling with processing set restrictions: A literature update},
  year   = {2016},
  volume = {175},
  pages  = {1-11},
  issn   = {0925-5273},
  doi    = {10.1016/j.ijpe.2014.09.038},
}

@Article{Li2015,
  author    = {Chung{-}Lun Li and Qingying Li},
  title     = {Scheduling jobs with release dates, equal processing times, and inclusive processing set restrictions},
  journal   = {{JORS}},
  year      = {2015},
  volume    = {66},
  number    = {3},
  pages     = {516--523},
  bibsource = {dblp computer science bibliography, https://dblp.org},
  biburl    = {https://dblp.org/rec/bib/journals/jors/LiL15},
  doi       = {10.1057/jors.2014.22},
}

@Article{Li2016,
  author    = {Chung{-}Lun Li and Kangbok Lee},
  title     = {A note on scheduling jobs with equal processing times and inclusive processing set restrictions},
  journal   = {{JORS}},
  year      = {2016},
  volume    = {67},
  number    = {1},
  pages     = {83--86},
  bibsource = {dblp computer science bibliography, https://dblp.org},
  biburl    = {https://dblp.org/rec/bib/journals/jors/LiL16},
  doi       = {10.1057/jors.2015.56},
}

@Article{Epstein2011,
  author = {Leah Epstein and Asaf Levin},
  title  = {Scheduling with processing set restrictions: PTAS results for several variants},
  year   = {2011},
  volume = {133},
  pages  = {586-595},
  issn   = {0925-5273},
  doi    = {10.1016/j.ijpe.2011.04.024},
}

@Article{Huo2010,
  author = {Yumei Huo and Joseph Y.-T. Leung},
  title  = {Fast approximation algorithms for job scheduling with processing set restrictions},
  year   = {2010},
  volume = {411},
  pages  = {3947-3955},
  issn   = {0304-3975},
  doi    = {10.1016/j.tcs.2010.08.008},
}

@Article{Huo2010a,
  author = {Yumei Huo and Joseph Y.-T. Leung},
  title  = {Parallel machine scheduling with nested processing set restrictions},
  year   = {2010},
  volume = {204},
  pages  = {229-236},
  issn   = {0377-2217},
  doi    = {10.1016/j.ejor.2009.10.025},
}

@Article{Xu2015,
  author = {Jia Xu and Zhaohui Liu},
  title  = {Online scheduling with equal processing times and machine eligibility constraints},
  year   = {2015},
  volume = {572},
  pages  = {58-65},
  issn   = {0304-3975},
  doi    = {10.1016/j.tcs.2015.01.015},
}

@Article{Muratore2010,
  author = {Gabriella Muratore and Ulrich M. Schwarz and Gerhard J. Woeginger},
  title  = {Parallel machine scheduling with nested job assignment restrictions},
  year   = {2010},
  volume = {38},
  pages  = {47-50},
  issn   = {0167-6377},
  doi    = {10.1016/j.orl.2009.09.010},
}

@Article{Li2016a,
  author = {Shuguang Li},
  title  = {Parallel Machine Scheduling with Nested Processing Set Restrictions and Job Delivery Times},
  year   = {2016},
  volume = {2016},
  pages  = {1-5},
  issn   = {1024-123X},
  doi    = {10.1155/2016/3203728},
}

@Article{Lee2011,
  author = {Kangbok Lee and Joseph Y.-T. Leung and Michael L. Pinedo},
  title  = {Scheduling jobs with equal processing times subject to machine eligibility constraints},
  year   = {2011},
  volume = {14},
  pages  = {27-38},
  issn   = {1094-6136},
  doi    = {10.1007/s10951-010-0190-0},
}

@Article{Jia2015,
  author = {Zhao-hong Jia and Kai Li and Joseph Y.-T. Leung},
  title  = {Effective heuristic for makespan minimization in parallel batch machines with non-identical capacities},
  year   = {2015},
  volume = {169},
  pages  = {1-10},
  issn   = {0925-5273},
  doi    = {10.1016/j.ijpe.2015.07.021},
}

@Article{Wang2015,
  author = {Shan Wang and Huiqiao Su and Guohua Wan},
  title  = {Resource-constrained machine scheduling with machine eligibility restriction and its applications to surgical operations scheduling},
  year   = {2015},
  volume = {30},
  pages  = {982-995},
  issn   = {1382-6905},
  doi    = {10.1007/s10878-015-9860-3},
}

@Misc{Wang2014,
  author    = {Jun-qiang Wang and Jospeh Y.-T. Leung},
  title     = {Scheduling jobs with equal-processing-time on parallel machines with non-identical capacities to minimize makespan},
  year      = {2014},
  address   = {Amsterdam [u.a.]},
  journal   = {International journal of production economics},
  pages     = {325-331},
  ppn_gvk   = {797909923},
  publisher = {Elsevier},
}

@InProceedings{Yang2016,
  author    = {Kecheng Yang and Ming Yang and James H. Anderson},
  title     = {Reducing Response-Time Bounds for DAG-Based Task Systems on Heterogeneous Multicore Platforms},
  booktitle = {Proceedings of the 24th International Conference on Real-Time Networks and Systems, {RTNS} 2016, Brest, France, October 19-21, 2016},
  year      = {2016},
  editor    = {Alain Plantec and Frank Singhoff and S{\'{e}}bastien Faucou and Lu{\'{\i}}s Miguel Pinho},
  pages     = {349--358},
  publisher = {{ACM}},
  bibsource = {dblp computer science bibliography, https://dblp.org},
  biburl    = {https://dblp.org/rec/bib/conf/rtns/YangYA16},
  doi       = {10.1145/2997465.2997486},
}

@Misc{Li,
  author = {Dingchao Li and N. Ishii},
  title  = {Scheduling task graphs onto heterogeneous multiprocessors},
  doi    = {10.1109/tencon.1994.369238},
}

@Article{Jansen1994,
  author    = {Klaus Jansen},
  title     = {Analysis of Scheduling Problems with Typed Task Systems},
  journal   = {Discrete Applied Mathematics},
  year      = {1994},
  volume    = {52},
  number    = {3},
  pages     = {223--232},
  bibsource = {dblp computer science bibliography, https://dblp.org},
  biburl    = {https://dblp.org/rec/bib/journals/dam/Jansen94},
  doi       = {10.1016/0166-218X(94)90142-2},
}

@Article{Graham1966,
  author = {R. L. Graham},
  title  = {Bounds for Certain Multiprocessing Anomalies},
  year   = {1966},
  volume = {45},
  pages  = {1563-1581},
  issn   = {0005-8580},
  doi    = {10.1002/j.1538-7305.1966.tb01709.x},
}

@Book{dasgupta2006algorithms,
  title     = {Algorithms},
  publisher = {McGraw-Hill, Inc.},
  year      = {2006},
  author    = {Dasgupta, Sanjoy and Papadimitriou, Christos H and Vazirani, Umesh},
}

@InProceedings{Venkat2014,
  author    = {Ashish Venkat and Dean M. Tullsen},
  title     = {Harnessing {ISA} diversity: Design of a heterogeneous-ISA chip multiprocessor},
  booktitle = {{ACM/IEEE} 41st International Symposium on Computer Architecture, {ISCA} 2014, Minneapolis, MN, USA, June 14-18, 2014},
  year      = {2014},
  pages     = {121--132},
  publisher = {{IEEE} Computer Society},
  bibsource = {dblp computer science bibliography, https://dblp.org},
  biburl    = {https://dblp.org/rec/bib/conf/isca/VenkatT14},
  doi       = {10.1109/ISCA.2014.6853218},
}

@Article{Karhi2014,
  author = {Shlomo Karhi and Dvir Shabtay},
  title  = {Online scheduling of two job types on a set of multipurpose machines},
  year   = {2014},
  volume = {150},
  pages  = {155-162},
  issn   = {0925-5273},
  doi    = {10.1016/j.ijpe.2013.12.015},
}

@Article{Karhi2013,
  author = {Shlomo Karhi and Dvir Shabtay},
  title  = {On the optimality of the TLS algorithm for solving the online-list scheduling problem with two job types on a set of multipurpose machines},
  year   = {2013},
  volume = {26},
  pages  = {198-222},
  issn   = {1382-6905},
  doi    = {10.1007/s10878-012-9460-4},
}

@Misc{OMAP,
  author       = {OMAP[online]},
  howpublished = {https://en.wikipedia.org/wiki/OMAP},
}

@Misc{Zynq7000,
  author       = {Zynq-7000 SoC[online]},
  howpublished = {https://www.xilinx.com/products/silicon-devices/soc/zynq-7000.html},
}

@Misc{Tegra,
  author       = {Tegra Processors[online]},
  howpublished = {https://www.nvidia.com/object/tegra.html},
}

@InProceedings{Bonifaci2013,
  author    = {Vincenzo Bonifaci and Alberto Marchetti{-}Spaccamela and Sebastian Stiller and Andreas Wiese},
  title     = {Feasibility Analysis in the Sporadic {DAG} Task Model},
  booktitle = {25th Euromicro Conference on Real-Time Systems, {ECRTS} 2013, Paris, France, July 9-12, 2013},
  year      = {2013},
  pages     = {225--233},
  publisher = {{IEEE} Computer Society},
  bibsource = {dblp computer science bibliography, https://dblp.org},
  biburl    = {https://dblp.org/rec/bib/conf/ecrts/BonifaciMSW13},
  doi       = {10.1109/ECRTS.2013.32},
}

@InProceedings{Baruah2014,
  author    = {Sanjoy Baruah},
  title     = {Improved Multiprocessor Global Schedulability Analysis of Sporadic {DAG} Task Systems},
  booktitle = {26th Euromicro Conference on Real-Time Systems, {ECRTS} 2014, Madrid, Spain, July 8-11, 2014},
  year      = {2014},
  pages     = {97--105},
  publisher = {{IEEE} Computer Society},
  bibsource = {dblp computer science bibliography, https://dblp.org},
  biburl    = {https://dblp.org/rec/bib/conf/ecrts/Baruah14},
  doi       = {10.1109/ECRTS.2014.22},
}

@InProceedings{Melani2015,
  author    = {Alessandra Melani and Marko Bertogna and Vincenzo Bonifaci and Alberto Marchetti{-}Spaccamela and Giorgio C. Buttazzo},
  title     = {Response-Time Analysis of Conditional {DAG} Tasks in Multiprocessor Systems},
  booktitle = {27th Euromicro Conference on Real-Time Systems, {ECRTS} 2015, Lund, Sweden, July 8-10, 2015},
  year      = {2015},
  pages     = {211--221},
  publisher = {{IEEE} Computer Society},
  bibsource = {dblp computer science bibliography, https://dblp.org},
  biburl    = {https://dblp.org/rec/bib/conf/ecrts/MelaniBBMB15},
  doi       = {10.1109/ECRTS.2015.26},
}

@InProceedings{Li2014,
  author    = {Jing Li and Jian{-}Jia Chen and Kunal Agrawal and Chenyang Lu and Christopher D. Gill and Abusayeed Saifullah},
  title     = {Analysis of Federated and Global Scheduling for Parallel Real-Time Tasks},
  booktitle = {26th Euromicro Conference on Real-Time Systems, {ECRTS} 2014, Madrid, Spain, July 8-11, 2014},
  year      = {2014},
  pages     = {85--96},
  publisher = {{IEEE} Computer Society},
  bibsource = {dblp computer science bibliography, https://dblp.org},
  biburl    = {https://dblp.org/rec/bib/conf/ecrts/LiCALGS14},
  doi       = {10.1109/ECRTS.2014.23},
}

@InProceedings{Baruah2015,
  author    = {Sanjoy Baruah},
  title     = {The federated scheduling of constrained-deadline sporadic {DAG} task systems},
  booktitle = {Proceedings of the 2015 Design, Automation {\&} Test in Europe Conference {\&} Exhibition, {DATE} 2015, Grenoble, France, March 9-13, 2015},
  year      = {2015},
  editor    = {Wolfgang Nebel and David Atienza},
  pages     = {1323--1328},
  publisher = {{ACM}},
  bibsource = {dblp computer science bibliography, https://dblp.org},
  biburl    = {https://dblp.org/rec/bib/conf/date/Baruah15},
  url       = {http://dl.acm.org/citation.cfm?id=2757121},
}

@InProceedings{Baruah2015a,
  author    = {Sanjoy Baruah},
  title     = {The federated scheduling of systems of conditional sporadic {DAG} tasks},
  booktitle = {2015 International Conference on Embedded Software, {EMSOFT} 2015, Amsterdam, Netherlands, October 4-9, 2015},
  year      = {2015},
  editor    = {Alain Girault and Nan Guan},
  pages     = {1--10},
  publisher = {{IEEE}},
  bibsource = {dblp computer science bibliography, https://dblp.org},
  biburl    = {https://dblp.org/rec/bib/conf/emsoft/Baruah15},
  doi       = {10.1109/EMSOFT.2015.7318254},
}

@InProceedings{Baruah2015d,
  author    = {Sanjoy Baruah},
  title     = {Federated Scheduling of Sporadic {DAG} Task Systems},
  booktitle = {2015 {IEEE} International Parallel and Distributed Processing Symposium, {IPDPS} 2015, Hyderabad, India, May 25-29, 2015},
  year      = {2015},
  pages     = {179--186},
  publisher = {{IEEE} Computer Society},
  bibsource = {dblp computer science bibliography, https://dblp.org},
  biburl    = {https://dblp.org/rec/bib/conf/ipps/Baruah15},
  doi       = {10.1109/IPDPS.2015.33},
}

@Article{Li2017a,
  author        = {Jing Li and David Ferry and Shaurya Ahuja and Kunal Agrawal and Christopher D. Gill and Chenyang Lu},
  title         = {Mixed-criticality federated scheduling for parallel real-time tasks},
  journal       = {Real-Time Systems},
  year          = {2017},
  volume        = {53},
  number        = {5},
  pages         = {760--811},
  __markedentry = {[Melinda_Han:]},
  bibsource     = {dblp computer science bibliography, https://dblp.org},
  biburl        = {https://dblp.org/rec/bib/journals/rts/LiFAAGL17},
  doi           = {10.1007/s11241-017-9281-8},
}

@Misc{cuda,
  author       = {NVIDA CUDA[onlie]},
  howpublished = {https://developer.nvidia.com/cuda-zone},
}

@Misc{OpenCL,
  author       = {OpenCL[online]},
  howpublished = {https://www.khronos.org/opencl/},
}

@InProceedings{Baker2009,
  author        = {Theodore P. Baker and Sanjoy K. Baruah},
  title         = {Sustainable Multiprocessor Scheduling of Sporadic Task Systems},
  booktitle     = {21st Euromicro Conference on Real-Time Systems, {ECRTS} 2009, Dublin, Ireland, July 1-3, 2009},
  year          = {2009},
  pages         = {141--150},
  publisher     = {{IEEE} Computer Society},
  __markedentry = {[Melinda_Han:6]},
  bibsource     = {dblp computer science bibliography, https://dblp.org},
  biburl        = {https://dblp.org/rec/bib/conf/ecrts/BakerB09},
  doi           = {10.1109/ECRTS.2009.25},
}

@Comment{jabref-meta: databaseType:bibtex;}
